/Users/haomingli/Documents/MIT/Distributivity.bib